@article{Jo2020,
    author  = "Jonathan Ho, Ajay Jain, Pieter Abbeel",
    title   = "{D}enoising {D}iffusion {P}robabilistic {M}odels",
    year    = "2020",
    url       = {https://arxiv.org/abs/2006.11239},
}

@article{diffusionGAN,
  url = {https://arxiv.org/abs/2206.02262},
  author = {Wang, Zhendong and Zheng, Huangjie and He, Pengcheng and Chen, Weizhu and Zhou, Mingyuan},  
  title = {Diffusion-GAN: Training GANs with Diffusion},
  year = {2022},
}

@article{autoencoder,
  author = {Geoffrey E. Hinton, Richard S. Zemel },  
  title = {Autoencoders, minimum description length and Helmholtz free energy},
  year = {1944},
  book = {Advances in neural information processing systems 6},
  page = {3-10},
}

@article{vae,
  url = {https://arxiv.org/abs/1312.6114},
  author = {Kingma, Diederik P and Welling, Max},
  title = {Auto-Encoding Variational Bayes},
  year = {2013},
}

@article{unet,
  url = {https://arxiv.org/abs/1505.04597},
  author = {Ronneberger, Olaf and Fischer, Philipp and Brox, Thomas},
  title = {U-Net: Convolutional Networks for Biomedical Image Segmentation},
  year = {2015},
}

@article{improved_ddpm,
  url = {https://arxiv.org/abs/2102.09672},
  author = {Nichol, Alex and Dhariwal, Prafulla},
  title = {Improved Denoising Diffusion Probabilistic Models},
  year = {2021},
}

@article{ddim,
  url = {https://arxiv.org/abs/2010.02502},
  author = {Song, Jiaming and Meng, Chenlin and Ermon, Stefano},
  title = {Denoising Diffusion Implicit Models},
  year = {2020},
}
